<record xmlns="http://www.loc.gov/MARC21/slim" xmlns:xsi="http://www.w3.org/2001/XMLSchema-instance" xsi:schemaLocation="http://www.loc.gov/MARC21/slim http://www.loc.gov/standards/marcxml/schema/MARC21slim.xsd"><leader>02561nam a2200373   4500</leader><controlfield tag="001">001689257</controlfield><controlfield tag="003">NNU</controlfield><controlfield tag="006">m        d        </controlfield><controlfield tag="007">cr cn |||m|||a</controlfield><controlfield tag="008">150223s1895    ua      o     000 0 ara d</controlfield><datafield ind1=" " ind2=" " tag="040"><subfield code="a">NNU</subfield><subfield code="b">eng</subfield><subfield code="c">NNU</subfield></datafield><datafield ind1=" " ind2="4" tag="050"><subfield code="a">BP130.4</subfield><subfield code="b">.K36</subfield></datafield><datafield ind1=" " ind2=" " tag="066"><subfield code="c">(3</subfield></datafield><datafield ind1=" " ind2=" " tag="090"><subfield code="a">BP130.4</subfield><subfield code="b">.K36</subfield></datafield><datafield ind1="1" ind2=" " tag="100"><subfield code="6">880-01</subfield><subfield code="a">Kh&#257;zin al-Baghd&#257;d&#299;, &#699;Al&#299; ibn Mu&#7717;ammad,</subfield><subfield code="d">1279 or 80-1341</subfield></datafield><datafield ind1="1" ind2="0" tag="240"><subfield code="6">880-02</subfield><subfield code="a">Lub&#257;b al-ta&#700;w&#299;l f&#299; ma&#699;&#257;n&#299; al-tanz&#299;l</subfield></datafield><datafield ind1="1" ind2="0" tag="245"><subfield code="6">880-03</subfield><subfield code="a">Tafs&#299;r al-Qur&#700;&#257;n al-musamm&#225; Lub&#257;b al-ta&#700;w&#299;l f&#299; ma&#699;&#257;n&#299; al -tanz&#299;l</subfield><subfield code="h">[electronic resource] /</subfield><subfield code="c">ta&#700;l&#299;f &#699;Al&#257;&#700; al-D&#299;n &#699;Al&#299; ibn Mu&#7717;ammad ibn Ibr&#257;h&#299;m al -Baghd&#257;d&#299; al-ma&#699;r&#363;f bi-al-Kh&#257;zin. Wa-bi-h&#257;mishihi tafs&#299;r Mad&#257;rik al-tanz&#299;l wa-&#7717;aq&#257;&#700;iq al-ta&#700;w&#299;l / li-Ab&#299; al-Barak&#257;t &#699;Abd All&#257;h ibn A&#7717;mad ibn Ma&#7717;m&#363;d al-Nasaf&#299;.</subfield></datafield><datafield ind1=" " ind2=" " tag="260"><subfield code="6">880-04</subfield><subfield code="a">Mi&#7779;r :</subfield><subfield code="b">al-Ma&#7789;ba&#699;ah al-Azhar&#299;yah,</subfield><subfield code="c">1895.</subfield></datafield><datafield ind1=" " ind2=" " tag="300"><subfield code="a">online resource (4 v.)</subfield></datafield><datafield ind1=" " ind2=" " tag="500"><subfield code="a">Part of the Arabic Collections Online (ACO) project, contributed by New York Univeristy Libraries.</subfield></datafield><datafield ind1=" " ind2=" " tag="533"><subfield code="a">Electronic reproduction.</subfield><subfield code="b">New York, N.Y. :</subfield><subfield code="c">New York University,</subfield><subfield code="d">2015.</subfield><subfield code="5">NNU</subfield></datafield><datafield ind1="0" ind2="0" tag="630"><subfield code="a">Koran</subfield><subfield code="v">Commentaries.</subfield></datafield><datafield ind1="1" ind2="2" tag="700"><subfield code="6">880-05</subfield><subfield code="a">Nasaf&#299;, &#699;Abd All&#257;h ibn A&#7717;mad,</subfield><subfield code="d">d. 1310</subfield><subfield code="t">Mad&#257;rik al-tanz&#299;l wa-&#7717;aq&#257;&#700;iq al-ta&#700;w&#299;l.</subfield></datafield><datafield ind1="2" ind2=" " tag="710"><subfield code="a">New York University.</subfield><subfield code="b">Libraries.</subfield></datafield><datafield ind1="0" ind2=" " tag="730"><subfield code="a">Arabic Collections Online.</subfield></datafield><datafield ind1="0" ind2="8" tag="776"><subfield code="i">Print version:</subfield><subfield code="a">Kh&#257;zin al-Baghd&#257;d&#299;, &#699;Al&#299; ibn Mu&#7717;ammad, 1279 or 80-1341 880-01</subfield><subfield code="t">Tafs&#299;r al-Qur&#700;&#257;n al-musamm&#225; Lub&#257;b al-ta&#700;w&#299;l f&#299; ma&#699;&#257;n&#299; al -tanz&#299;l</subfield><subfield code="w">(NNU)001689257</subfield></datafield><datafield ind1="4" ind2="0" tag="856"><subfield code="u">http://hdl.handle.net/2333.1/rn8pk31f</subfield></datafield><datafield ind1="1" ind2=" " tag="880"><subfield code="6">100-01/</subfield><subfield code="a">&#1582;&#1575;&#1586;&#1606; &#1575;&#1604;&#1576;&#1594;&#1583;&#1575;&#1583;&#1610;&#1548; &#1593;&#1576;&#1583; &#1575;&#1604;&#1604;&#1607; &#1576;&#1606; &#1605;&#1581;&#1605;&#1583;.</subfield></datafield><datafield ind1="1" ind2="0" tag="880"><subfield code="6">240-02/</subfield><subfield code="a">&#1604;&#1576;&#1575;&#1576; &#1575;&#1604;&#1578;&#1571;&#1608;&#1610;&#1604; &#1601;&#1610; &#1605;&#1593;&#1575;&#1606;&#1610; &#1575;&#1604;&#1578;&#1606;&#1586;&#1610;&#1604;</subfield></datafield><datafield ind1="1" ind2="0" tag="880"><subfield code="6">245-03/</subfield><subfield code="a">&#1578;&#1601;&#1587;&#1610;&#1585; &#1575;&#1604;&#1602;&#1585;&#1570;&#1606; &#1575;&#1604;&#1605;&#1587;&#1605;&#1609; &#1604;&#1576;&#1575;&#1576; &#1575;&#1604;&#1578;&#1571;&#1608;&#1610;&#1604; &#1601;&#1610; &#1605;&#1593;&#1575;&#1606;&#1610; &#1575;&#1604;&#1578;&#1606;&#1586;&#1610;&#1604; /</subfield><subfield code="c">&#1578;&#1571;&#1604;&#1610;&#1601; &#1593;&#1604;&#1575;&#1569; &#1575;&#1604;&#1583;&#1610;&#1606; &#1593;&#1604;&#1610; &#1576;&#1606; &#1605;&#1581;&#1605;&#1583; &#1576;&#1606; &#1573;&#1576;&#1585;&#1575;&#1607;&#1610;&#1605; &#1575;&#1604;&#1576;&#1594;&#1583;&#1575;&#1583;&#1610; &#1575;&#1604;&#1605;&#1593;&#1585;&#1608;&#1601; &#1576;&#1575;&#1604;&#1582;&#1575;&#1586;&#1606;. &#1608;&#1576;&#1607;&#1575;&#1605;&#1588;&#1607; &#1578;&#1601;&#1587;&#1610;&#1585; &#1605;&#1583;&#1575;&#1585;&#1603; &#1575;&#1604;&#1578;&#1606;&#1586;&#1610;&#1604; &#1608;&#1581;&#1602;&#1575;&#1574;&#1602; &#1575;&#1604;&#1578;&#1571;&#1608;&#1610;&#1604; / &#1604;&#1571;&#1576;&#1609; &#1576;&#1585;&#1603;&#1575;&#1578; &#1593;&#1576;&#1583; &#1575;&#1604;&#1604;&#1607; &#1576;&#1606; &#1571;&#1581;&#1605;&#1583; &#1576;&#1606; &#1605;&#1581;&#1605;&#1608;&#1583; &#1575;&#1604;&#1606;&#1587;&#1601;&#1609;.</subfield></datafield><datafield ind1=" " ind2=" " tag="880"><subfield code="6">260-04/</subfield><subfield code="a">&#1605;&#1589;&#1585; :</subfield><subfield code="b">&#1575;&#1604;&#1605;&#1591;&#1576;&#1593;&#1577; &#1575;&#1604;&#1571;&#1586;&#1607;&#1585;&#1610;&#1577;&#1548;</subfield><subfield code="c">&#1633;&#1640;&#1641;&#1637;.</subfield></datafield><datafield ind1="1" ind2="2" tag="880"><subfield code="6">700-05/</subfield><subfield code="a">&#1606;&#1587;&#1601;&#1610;&#1548; &#1593;&#1576;&#1583; &#1575;&#1604;&#1604;&#1607; &#1576;&#1606; &#1571;&#1581;&#1605;&#1583;.</subfield><subfield code="t">&#1605;&#1583;&#1575;&#1585;&#1603; &#1575;&#1604;&#1578;&#1606;&#1586;&#1610;&#1604; &#1608;&#1581;&#1602;&#1575;&#1574;&#1602; &#1575;&#1604;&#1578;&#1571;&#1608;&#1610;&#1604;.</subfield></datafield><datafield ind1=" " ind2=" " tag="959"><subfield code="a">NNU</subfield><subfield code="b">WEB</subfield><subfield code="c">GENI</subfield><subfield code="t">0</subfield><subfield code="m">Electronic access</subfield><subfield code="s">01</subfield></datafield><datafield ind1=" " ind2=" " tag="999"><subfield code="i">NNU_001689257</subfield><subfield code="s">nyu_aco000150:v.1</subfield><subfield code="s">nyu_aco000151:v.2</subfield><subfield code="s">nyu_aco000152:v.3</subfield><subfield code="s">nyu_aco000153:v.4</subfield></datafield></record>